@book{Leinster:2004,
	Author = {Tom Leinster},
	Month = August,
	Publisher = {Cambridge University Press},
	Series = {London Mathematical Society Lecture Note Series 298},
	Title = {Higher Operads, Higher Categories},
	Year = 2004}


@article{Manzyuk:2009,
	Author = {Oleksandr Manzyuk},
	Journal = {ArXiv e-prints},
	Month = apr,
	Title = {Closed categories vs. closed multicategories},
	Year = 2009}


@incollection{Baez:2011,
	Author = {John Baez and Mike Stay},
	Booktitle = {New Structures for Physics},
	Editor = {Bob Coecke},
	Pages = {95-172},
	Publisher = {Springer Berlin Heidelberg},
	Series = {Lecture Notes in Physics},
	Title = {Physics, Topology, Logic and Computation: A Rosetta Stone},
	Volume = {813},
	Year = {2011}}
